3784 5467
427 633 432 644 ¹
519 612 658 683 Expositio
677 614 814 683 euangelii
832 613 921 668 Lucae
941 615 991 667 Vll
1012 615 1116 669 10-12
1135 615 1216 682 (1413
1237 613 1366 669 c-1414
1385 615 1425 682 C).
1478 618 1541 682 287

398 808 436 872 de
465 828 595 874 excessu
625 809 693 874 eius
723 810 884 892 mysteria.
918 814 950 873 et
976 810 1068 875 hodie
1101 811 1229 894 Moyses
1263 810 1356 874 docet
1386 813 1418 874 et
1450 810 1543 874 hodie

397 914 508 978 Helias
526 913 669 996 loquitur
689 919 720 979 et
738 915 831 980 hodie
850 917 881 979 in
902 917 1018 981 maiore
1038 917 1139 999 gloria
1153 918 1284 1000 Moysen
1304 916 1411 981 nidere
1430 937 1544 1000 possu-

398 1040 480 1085 mus,
515 1021 586 1102 quis
615 1021 695 1085 enirn
726 1043 785 1086 non
815 1026 930 1106 potest,
965 1023 1087 1105 qnando
1121 1029 1153 1087 et
1185 1025 1322 1106 populus
1356 1024 1543 1087 ludaeorum

399 1146 471 1191 eum
500 1127 607 1192 nidere
634 1129 751 1211 potnit,
779 1130 876 1193 immo
904 1130 1009 1194 uidit?
1038 1130 1119 1195 uidit
1143 1130 1223 1193 enim
1248 1131 1279 1193 in
1304 1130 1405 1213 gloria
1432 1129 1544 1194 faciem

366 1234 515 1317 sMoysi‚
546 1234 601 1299 sed
624 1235 768 1299 uelamen
793 1237 926 1318 accepit,
956 1236 1064 1301 sedin
1088 1240 1225 1301 montem
1254 1257 1314 1301 non
1345 1236 1488 1301 ascendit
1515 1243 1547 1301 et

399 1341 469 1405 ideo
489 1341 616 1405 errauit.
637 1342 692 1423 qui
710 1344 816 1406 solum
834 1344 968 1425 Moysen
986 1344 1079 1419 uidit,
1098 1344 1149 1408 dei
1169 1344 1299 1407 uerbum
1320 1344 1418 1408 simul
1436 1342 1543 1406 uidere
1569 1346 1637 1400 1414
1656 1345 1679 1399 A

333 1447 352 1508 2
399 1467 459 1512 non
483 1447 595 1529 potuit.
619 1451 797 1513 reuelemus
817 1450 915 1532 igitnr
933 1469 990 1514 nos
1008 1451 1122 1515 faeiem
1141 1453 1292 1528 nostram,
1316 1454 1354 1514 ut
1376 1449 1546 1514 reuelato

399 1553 500 1652 facie
530 1554 689 1638 gloriam
724 1555 781 1619 dei
816 1557 1056 1639 speculantes
1092 1558 1127 1620 in
1162 1556 1314 1621 eandem
1343 1555 1545 1638 imaginem

400 1660 651 1724 reformemur.
671 1662 877 1727 ascendamus
897 1663 927 1727 in
944 1666 1096 1740 montem,
1117 1663 1321 1745 deprecemur
1336 1662 1386 1725 dei
1401 1662 1545 1736 uerbum,

356 1794 382 1833 ro
400 1770 437 1829 ut
469 1766 500 1829 in
529 1767 633 1850 specie
662 1772 693 1832 et
720 1769 955 1851 pulchritudine
984 1790 1041 1834 suo
1069 1773 1217 1853 appareat
1245 1770 1335 1834 nobis
1365 1773 1397 1833 et
1425 1769 1546 1832 confor-

401 1877 487 1936 tetur
511 1879 541 1936 et
569 1893 717 1955 prospere
744 1876 894 1958 procedat
921 1884 953 1941 et
975 1881 1094 1959 regnet.
1124 1882 1156 1940 et
1183 1878 1260 1940 haec
1287 1876 1369 1939 enim
1398 1876 1548 1957 mysteria

402 1983 476 2043 sunt
509 1983 540 2042 et
571 1981 749 2045 referuntur
780 1971 891 2056 nltius;
926 1984 1041 2048 etenim
1074 2003 1129 2066 pro
1162 1987 1218 2047 tna
1247 1983 1460 2065 possibilitate
1488 1980 1545 2044 tibi

401 2085 533 2149 uerbum
561 2091 616 2151 ant
643 2087 797 2152 minuitur
824 2092 879 2153 aut
907 2090 1032 2168 crescit,
1060 2109 1095 2153 ao
1123 2089 1184 2153 nisi
1212 2089 1333 2154 altioris
1362 2089 1586 2172 prudentiaeB

402 2210 552 2258 cacumen
576 2195 737 2274 assandae,
760 2216 819 2260 non
845 2196 904 2260 tibi
923 2201 1053 2280 apparet
1071 2197 1235 2281 sapientia,
1259 2216 1320 2261 non
1339 2196 1399 2259 tibi
1419 2199 1547 2276 apparet

359 2318 383 2357 rs
403 2300 625 2382 mysteriorum
668 2302 817 2385 cognitio,
851 2323 911 2367 non
943 2304 1002 2367 tibi
1040 2308 1170 2385 apparet
1202 2309 1319 2385 qnnnta
1356 2304 1399 2367 sit
1436 2303 1545 2386 gloria,

403 2409 520 2487 quanta
543 2405 585 2470 sit
609 2407 730 2489 species
753 2409 784 2471 in
814 2409 865 2472 dei
891 2410 1000 2486 uerbo,
1030 2409 1086 2472 sed
1114 2410 1164 2473 dei
1192 2409 1324 2474 uerbum
1353 2408 1444 2490 quasi
1473 2426 1547 2489 quo-

403 2510 475 2574 dam
507 2520 637 2596 apparet
668 2515 698 2577 in
732 2532 861 2597 corpore
892 2536 954 2580 non
987 2516 1105 2579 habens
1144 2536 1234 2580 snam
1272 2515 1409 2599 speciem
1446 2533 1547 2595 neque

404 2617 547 2683 decorem
576 2626 608 2684 et
635 2625 765 2704 apparet
796 2623 888 2703 qnasi
921 2623 1014 2687 homo
1046 2622 1079 2686 in
1110 2625 1214 2707 plaga,
1248 2624 1302 2705 qui
1334 2623 1413 2686 ferre
1446 2619 1548 2703 possit

402 2725 601 2791 infirmitates
625 2731 759 2807 nostras,
784 2733 913 2812 apparet
934 2730 994 2793 tibi
1018 2730 1109 2810 quasi
1128 2730 1256 2813 qnidam
1276 2748 1378 2794 sermo
1399 2733 1493 2791 natus
1513 2745 1547 2788 er

358 2850 385 2891 20
403 2835 529 2899 homine
566 2835 743 2899 litterarum
782 2840 910 2916 opertus
946 2836 1131 2914 incolumis,
1163 2836 1283 2900 uirtute
1315 2835 1447 2919 spiritns
1488 2853 1547 2897 non

403 2942 573 3026 refulgens.
595 2943 650 3007 sed
673 2943 710 3020 si,
734 2942 809 3006 dum
832 2942 992 3005 hominem
1016 2944 1206 3019 consideras,
1231 2943 1269 3006 de
1293 2943 1415 3027 uirgine
1439 2940 1588 3009 credasc

404 3069 472 3113 esse
496 3053 679 3132 generatum
705 3053 737 3112 et
758 3049 911 3131 paulatim
936 3049 1076 3132 adspiret
1097 3049 1175 3113 fides
1200 3049 1283 3131 quod
1308 3049 1345 3113 de
1364 3049 1479 3131 spiritu
1498 3047 1547 3110 dei

403 3160 496 3219 natus
530 3156 582 3232 sit,
619 3156 733 3238 incipis
766 3159 905 3219 montem
938 3156 1113 3219 ascendere
1151 3156 1177 3219 si
1215 3156 1245 3218 in
1283 3175 1374 3219 cruce
1407 3155 1548 3236 positum

405 3263 650 3346 triumphantem
671 3263 708 3326 de
727 3266 828 3325 morte
848 3262 967 3339 uideas,
992 3281 1051 3325 non
1072 3267 1257 3345 peremtum,
1283 3262 1309 3325 si
1334 3262 1443 3325 uideas
1464 3261 1548 3342 quod

358 3383 385 3422 2⁵
404 3372 485 3433 terra
511 3371 652 3442 tremuit,
681 3370 729 3433 sol
752 3369 881 3452 refugit,
910 3370 1056 3432 tenebrae
1081 3369 1199 3433 offusae
1226 3372 1300 3432 sunt
1328 3367 1429 3432 oculis
1458 3367 1548 3448 perti-

405 3476 526 3555 dorum,
546 3481 748 3540 monumenta
769 3481 876 3560 aperta
895 3479 980 3551 sunt,
1000 3475 1117 3540 mortni
1136 3478 1380 3550 resurrexerunt,
1405 3477 1441 3538 ut
1463 3477 1547 3538 esset

493 3719 612 3774 dllxod.
633 3720 675 3787 34,
694 3720 728 3772 20
807 3718 868 3772 711
889 3717 948 3773 Cor.
968 3720 993 3787 3,
1015 3719 1047 3772 la
1127 3718 1158 3771 10
1178 3717 1222 3769 Pe.
1241 3718 1380 3784 44‚3sq.
1461 3717 1492 3770 13
1513 3717 1546 3769 of.

405 3808 463 3862 Ioh.
483 3810 507 3872 3,
527 3810 561 3863 30
640 3809 671 3860 re
690 3809 765 3861 Esai.
785 3809 827 3876 53,
846 3809 862 3861 2
882 3825 921 3877 sq.
999 3809 1033 3862 23
1054 3806 1200 3872 Colossi),
1223 3807 1254 3858 15
1332 3807 1366 3860 25
1385 3806 1484 3859 Matth.
1503 3806 1547 3874 22,

405 3900 519 3962 51-53,
539 3898 604 3952 Luc.
623 3898 666 3956 23,
687 3901 722 3951 44
742 3914 800 3967 sqq.

440 4073 741 4141 2belian(san)P
790 4075 937 4127 3ets.rc.
958 4073 1120 4134 ar3A,o·m
1143 4073 1174 4124 X
1222 4075 1348 4126 {rrnonto
1368 4071 1420 4125 PL
1471 4073 1546 4124 7η-

404 4163 523 4216 uelatum
541 4162 637 4216 facicm
656 4162 684 4216 P
701 4166 737 4229 (m
757 4162 798 4215 dis
817 4164 897 4226 crus)
916 4162 942 4215 L
990 4163 1023 4216 10
1042 4163 1158 4231 speciem
1178 4163 1259 4232 P(m
1278 4163 1348 4228 erp.)
1367 4160 1393 4213 L
1441 4160 1470 4212 11
1491 4177 1547 4228 11)·-

406 4253 474 4305 teria
488 4252 515 4303 A
563 4252 595 4303 12
611 4252 649 4319 et]
670 4250 717 4303 sed
731 4252 758 4303 A
772 4254 851 4316 (recte
868 4257 946 4318 putot
987 4254 1017 4305 14
1037 4252 1172 4320 sapientia
1190 4268 1244 4303 non
1259 4250 1310 4302 tibi
1325 4254 1437 4319 apparet
1451 4265 1501 4302 om..
1517 4249 1548 4299 X

408 4342 439 4393 16
454 4341 491 4393 sit
509 4346 589 4394 extro
607 4357 635 4392 u.
654 4341 681 4392 P
718 4342 749 4392 11
769 4344 881 4408 apparet
901 4357 951 4392 om.
971 4341 997 4392 P
1034 4343 1065 4393 lo*
1085 4341 1215 4409 possetd
1257 4342 1288 4393 19
1308 4346 1413 4393 nostras
1433 4340 1548 4402 rneasA

406 4431 440 4483 20
458 4430 588 4482 uirtutem
608 4433 643 4495 (m
665 4428 725 4492 dcl.)
744 4430 770 4481 A
834 4430 868 4480 22
888 4428 1009 4498 adspiret
1027 4428 1072 4492 (ad
1091 4446 1113 4483 s.
1131 4446 1158 4481 a.
1179 4430 1234 4493 m3)
1254 4431 1280 4481 A
1343 4430 1377 4481 23
1398 4444 1500 4481 crucem
1521 4429 1548 4479 A

406 4521 439 4574 25
459 4519 514 4571 sint
531 4518 559 4570 A
614 4519 648 4572 26
668 4521 872 4585 ευτῐῡῐεωπγ
