3784 5467
434 610 508 673 XVI
898 604 1117 660 Praefatio.

434 804 531 867 latine
552 803 652 866 uersis
667 801 840 883 praemisit,
858 801 1007 885 colligere
1026 820 1120 883 posse
1140 799 1201 863 sibi
1221 799 1282 863 uisi
1302 799 1431 878 sunt.¹⁶)
1451 804 1482 862 et
1496 803 1585 863 recte

435 909 576 991 quidem;
611 926 802 990 quamquam
837 908 864 972 si
897 907 995 970 uerba
1026 907 1141 988 quibus
1174 907 1205 969 in
1238 905 1429 989 praefatione
1463 906 1586 969 illaad

435 1017 565 1080 Paulam
591 1021 623 1079 et
641 1014 850 1078 Eustochium
877 1014 976 1078 missa
1000 1014 1101 1077 utitur
1119 1013 1243 1097 legeris,
1263 1014 1364 1094 primo
1385 1013 1498 1076 obtutu
1519 1030 1584 1076 non

434 1123 539 1205 ipsum
560 1122 598 1186 de
622 1121 782 1186 Ambrosii
807 1140 897 1202 opere
922 1121 1111 1184 sententiam
1135 1121 1214 1184 terre
1239 1120 1294 1183 sod
1318 1121 1486 1183 mulierum
1505 1118 1584 1181 ista-

434 1250 505 1293 rum
532 1229 687 1293 indicium
716 1228 829 1320 reterre
852 1227 989 1309 putabis.
1013 1228 1088 1290 baec
1122 1227 1203 1289 enirn
1238 1227 1327 1290 dicit:
1357 1227 1440 1288 Ante
1460 1245 1585 1306 puarcos

435 1337 502 1399 dics
525 1335 720 1416 qarornndern
743 1335 777 1395 in
803 1332 1000 1397 dlettbaennr
1019 1339 1046 1395 et
1065 1336 1099 1395 in
1115 1333 1234 1396 ercunr
1254 1334 1489 1396 cenomani-ros
1512 1352 1584 1395 rios

436 1443 583 1524 lenisse
607 1440 788 1519 (linistis
813 1462 828 1502 c
856 1440 968 1520 quibus
996 1440 1075 1503 ulter
1104 1444 1131 1502 ct
1159 1440 1301 1503 serisibns
1331 1438 1418 1501 lis-tres·
1446 1443 1522 1500 esset
1555 1442 1584 1501 et

435 1549 548 1625 acerbis,
585 1547 689 1610 atter
725 1550 766 1610 in
802 1547 939 1610 uerbis
977 1546 1141 1622 inderet,
1178 1547 1397 1609 sententiis
1438 1545 1585 1607 ‹larnai-

437 1659 551 1717 toret.
576 1654 773 1735 qirrinmbrern
789 1653 912 1733 petistis
936 1657 969 1715 nt
992 1655 1170 1732 corrternptis
1187 1651 1340 1715 ciunrrodi
1359 1655 1450 1731 rrrriris
1472 1650 1584 1714 subeon

436 1761 566 1841 tripirrtu
591 1764 617 1822 et
640 1780 749 1823 crearem
773 1758 965 1823 Artnrnontii
987 1762 1084 1822 orostri
1109 1761 1143 1821 in
1167 1757 1286 1821 Leccam
1309 1758 1453 1821 irorrrilies
1476 1759 1585 1821 sient

438 1868 477 1928 in-
514 1866 666 1929 (r'rncco
698 1864 906 1943 laedentur,
941 1866 1174 1945 interpretarer.
1205 1865 1300 1929 simul
1328 1865 1418 1929 uides
1448 1864 1584 1928 seminas

435 1975 514 2038 istas
547 1973 579 2036 id
613 1973 744 2035 maxime
778 1972 809 2034 in
841 1971 1001 2035 Ambrosii
1034 1972 1227 2053 expositione
1256 1972 1468 2053 exprobrasse.
1498 1970 1585 2052 quod

438 2079 582 2162 Origenis
607 2079 711 2142 uerbis
738 2098 795 2142 sua
819 2078 872 2141 ille
897 2082 1076 2142 commenta
1103 2078 1320 2141 inmiscuisset
1351 2083 1444 2159 atque
1478 2078 1584 2161 graeci

437 2186 535 2269 patris
570 2185 741 2249 sententias
775 2189 937 2266 tamquam
966 2184 1172 2265 interpolatas
1201 2190 1233 2248 et
1261 2184 1453 2248 adulteratas
1482 2183 1584 2247 reddi-

437 2294 546 2357 disset.
571 2311 649 2373 quae
673 2291 873 2373 reprehensio
899 2291 976 2354 adeo
997 2291 1135 2354 concinit
1155 2309 1226 2355 curn
1246 2291 1350 2354 uerbis
1370 2292 1445 2364 illis,
1466 2289 1584 2371 quibus

436 2400 468 2461 in
493 2419 541 2480 ep.
566 2397 796 2471 taxarunt
818 2397 848 2459 in
869 2396 1113 2470 llediolarrensis
1138 2396 1278 2479 episcopi
1302 2397 1472 2460 Erumerou
1496 2397 1584 2460 inne

437 2506 523 2569 bitur
552 2505 604 2585 (cf.
637 2503 701 2567 uol.
735 2504 749 2566 Ι
778 2502 874 2584 praet.
907 2521 936 2582 p.
969 2502 1068 2581 XIII),
1098 2523 1117 2565 u
1166 2504 1389 2584 Hieronymum
1420 2504 1488 2566 loco
1519 2502 1583 2566 isto

435 2615 617 2695 personatas
651 2610 722 2673 illas
756 2609 905 2672 mulieres
940 2628 994 2690 pro
1029 2630 1062 2673 se
1097 2611 1262 2691 loquentes
1293 2610 1452 2673 induxisse
1486 2628 1583 2672 unus·

438 2718 571 2799 quisque
605 2716 696 2779 facile
728 2715 908 2797 perspiciat.
939 2717 1056 2779 errauit
1089 2720 1193 2780 autem
1222 2717 1354 2780 Rrrfinus
1383 2736 1418 2779 eo
1444 2715 1527 2797 quod
1551 2716 1582 2778 in

437 2824 629 2907 praefatione
656 2822 712 2884 illa
739 2821 826 2885 aliud
855 2821 1013 2901 quoddam
1043 2823 1239 2886 enuntiatum
1259 2823 1444 2901 praesertim
1469 2841 1538 2883 curo
1562 2844 1584 2884 n

436 2933 564 2994 sinistre
579 2931 713 2992 oscinem
727 2948 852 2990 corinun
868 2927 999 2990 erectione
1018 2932 1215 2991 crocitantem
1231 2932 1259 2991 ct
1273 2929 1386 2989 rnirnrn
1405 2931 1439 2990 in
1458 2927 1586 2990 ruodma-

438 3038 475 3100 de
507 3040 687 3099 retractarunt
725 3038 833 3098 arcican
869 3035 974 3098 radere
1006 3035 1158 3099 coloribus
1185 3056 1254 3098 carna
1290 3041 1370 3098 tetris
1409 3038 1473 3114 ipse
1504 3042 1584 3099 terrc-

439 3144 547 3206 brosus
577 3144 618 3204 sit
651 3142 689 3206 ad
722 3142 923 3206 Ambrosium
958 3147 1100 3224 spectare
1133 3142 1268 3223 putauit.
1302 3142 1398 3205 immo
1436 3143 1515 3205 haec
1553 3143 1584 3205 in

440 3250 655 3313 aduersarium
681 3249 847 3330 quendam,
868 3248 922 3329 qui
942 3248 1125 3330 llieroupnri
1149 3250 1276 3329 scriptis
1300 3249 1428 3312 irridere
1452 3253 1585 3313 coriatus

441 3359 516 3432 erat,
541 3356 625 3418 dicta
653 3374 724 3418 esse
749 3357 818 3419 luce.
843 3354 959 3418 clarius
985 3358 1043 3419 est.
1069 3354 1201 3418 eundem
1226 3374 1301 3418 uero
1325 3360 1435 3435 postea
1460 3373 1586 3436 quoqne

442 3462 629 3527 sententiam
654 3461 691 3525 de
715 3461 875 3525 Ambrosii
904 3480 996 3543 opere
1031 3481 1089 3525 non
1118 3462 1294 3526 rnutauissc
1324 3484 1339 3525 c
1369 3462 1587 3525 commentarii

442 3570 471 3633 in
498 3570 694 3632 blattlraenrn
719 3570 738 3633 l.
765 3569 827 3632 llll
851 3587 875 3630 s.
902 3571 942 3633 27
968 3570 1034 3649 (26,
1060 3572 1123 3632 203
1144 3568 1194 3632 ab
1214 3569 1270 3648 ll.)
1295 3569 1504 3650 cognoscitur,
1530 3568 1586 3631 ubi

443 3679 519 3740 haec
554 3676 590 3739 de
620 3676 703 3739 Petri
737 3676 902 3758 negatione
932 3675 1069 3756 exponit:
1104 3676 1174 3737 b'cio
1201 3674 1354 3753 qirosdern
1375 3676 1427 3753 pii
1456 3674 1588 3752 (illectus

443 3805 516 3864 erpo
539 3782 711 3863 (apiostolnrn
731 3780 859 3845 Petrum
881 3781 978 3844 locarat
996 3779 1078 3844 trainae
1096 3782 1141 3843 itu
1163 3783 1380 3860 interpretatos
1401 3784 1432 3840 nt
1451 3780 1588 3844 ‹lan-ear

443 3890 571 3954 Piraeo
605 3911 666 3952 aina
699 3889 857 3951 clrrnrinnrn
885 3908 1013 3969 carpasso>
1039 3887 1093 3950 sed
1119 3887 1272 3949 trornincrn
1300 3890 1328 3948 rt
1355 3908 1418 3949 esst
1446 3907 1588 3950 scironia:

417 3997 557 4079 'Nescio
584 3996 747 4074 baraninam,
776 3998 850 4075 aperie
884 3995 945 4057 seio
979 3995 1079 4057 iterant.
1107 3993 1162 4056 bor
1193 4015 1286 4072 qrriirn
1310 3993 1514 4075 ‘trinutum
1546 3994 1588 4054 ait

443 4104 581 4184 prudens
616 4103 708 4166 tector
743 4103 898 4183 tirrelapn.
935 4104 982 4164 sic
1013 4101 1181 4180 ‹tefcrntunt
1218 4101 1401 4181 epistolarii,
1433 4105 1462 4159 nt
1495 4099 1586 4161 drino

445 4210 599 4273 rrrirntecii
629 4232 712 4272 rnna
741 4210 861 4288 pirrient
890 4229 915 4271 e.
945 4230 973 4289 q.
1002 4228 1026 4271 s.
1057 4208 1105 4270 his
1135 4212 1240 4270 autern
1270 4209 1452 4288 scriptorem
1483 4206 1521 4267 ad
1552 4225 1589 4268 ea

446 4338 524 4400 quae
553 4318 738 4381 Ambrosius
767 4317 806 4382 X.
837 4318 877 4378 78
906 4318 994 4396 (485.
1025 4317 1057 4393 a)
1098 4334 1165 4396 sqq.
1196 4314 1319 4395 exponit
1349 4313 1496 4376 adludere
1525 4313 1587 4374 iarn

494 4511 523 4576 ¹¹²)
543 4510 583 4563 Cl.
605 4509 662 4561 llnn
683 4525 708 4575 p.
728 4508 774 4562 96:
795 4506 935 4558 llausrhen
956 4524 981 4575 p.
1003 4507 1054 4558 314
1074 4505 1134 4561 adn
1155 4507 1178 4557 l.
