3784 5467
393 662 434 724 20
862 654 1056 707 Ambrosii

392 856 583 920 munitiones
612 855 770 920 militibus
799 854 918 920 Christi
945 854 1061 919 debent
1088 874 1212 936 semper
1244 876 1314 921 esse
1346 859 1536 938 praesentia,

391 982 429 1026 ne
454 982 526 1027 cum
550 963 672 1027 uenerit
695 962 757 1025 dux
781 962 928 1026 caelestis
947 962 1092 1039 militiae,
1112 963 1176 1026 situ
1196 966 1375 1027 nostrorum
1396 965 1537 1030 offensus
1586 982 1622 1035 12¹

391 1089 549 1134 armorum
573 1090 591 1134 a
612 1069 775 1152 legionum
799 1088 928 1132 suarum
951 1087 1009 1131 nos
1033 1067 1185 1132 societate
1209 1070 1376 1135 discernat.

300 1211 378 1266 m„
435 1177 531 1239 Fuit
559 1175 663 1258 inquit
691 1176 729 1238 in
759 1174 903 1238 diebus
932 1174 1107 1238 Herodis
1138 1175 1248 1258 regis
1276 1176 1452 1241 Iudaeae
1480 1197 1536 1241 sa-

390 1283 534 1348 cerdos
560 1282 721 1365 quidam
746 1281 904 1345 nomine
929 1282 1172 1345 zaccharias
1197 1282 1241 1346 de
1265 1283 1356 1347 uice
1375 1282 1476 1348 Abia
1496 1290 1536 1347 et
1567 1300 1581 1339 a

389 1409 486 1453 uxor
515 1390 603 1452 eius
633 1388 677 1451 de
707 1388 882 1453 filiabus
905 1389 1035 1451 Aaron
1066 1391 1103 1451 et
1131 1407 1269 1452 nomen
1295 1389 1535 1453 1111111111-

387 1498 464 1562 bet.
499 1500 538 1561 et
571 1499 684 1561 erant
717 1496 828 1559 ambo
862 1493 976 1570 iusti,
1005 1493 1245 1560 incedentes
1274 1496 1311 1559 in
1345 1496 1533 1560 omnibus

387 1602 591 1668 mandatis
626 1607 664 1666 et
700 1601 1090 1666 iustificationibus
1129 1600 1281 1665 domini
1320 1602 1407 1666 sine
1446 1622 1533 1685 que-

323 1717 363 1777 15
387 1710 499 1773 rella.
532 1709 625 1774 docet
656 1728 713 1773 nos
747 1708 902 1790 scriptura
935 1708 1043 1772 diuina
1071 1725 1132 1770 non
1162 1708 1265 1771 solum
1292 1728 1397 1773 mores
1424 1709 1457 1771 in
1482 1710 1533 1774 his

387 1817 441 1897 qui
469 1816 697 1897 praedicabiles
727 1819 810 1890 sunt,
840 1815 895 1879 sed
924 1815 1019 1879 etiam
1049 1818 1193 1897 parentes
1222 1821 1364 1897 oportere
1398 1816 1533 1895 laudari,
1554 1824 1619 1878 roB

387 1929 423 1988 ut
455 1922 558 1986 ueluti
590 1923 777 1986 transmissa
809 1922 1020 1986 inmaculatae
1052 1922 1201 2002 puritatis
1230 1922 1388 1987 hereditas
1417 1923 1448 1986 iu
1482 1924 1533 1987 his

387 2050 464 2112 quos
503 2030 651 2094 uolumus
689 2030 816 2093 laudare
853 2029 1031 2111 praecellat.
1070 2048 1150 2111 quae
1184 2029 1265 2092 enim
1299 2030 1361 2093 alia
1397 2030 1532 2095 intentio

386 2137 444 2201 hoc
468 2137 538 2200 loco
563 2137 663 2201 sancti
688 2136 903 2219 euangelistae
927 2136 988 2199 nisi
1007 2139 1045 2199 ut
1063 2141 1192 2199 sanctus
1210 2136 1365 2201 lohannes
1385 2137 1533 2218 Baptista

385 2244 571 2308 nobilitetur
592 2243 776 2326 parentibus
800 2243 963 2306 miraculis
987 2243 1128 2307 moribus
1148 2262 1276 2306 munere
1295 2243 1464 2325 passione?
1485 2245 1531 2309 sic

386 2351 481 2414 etiam
507 2351 607 2414 sancti
627 2348 779 2413 Samuhel
802 2352 903 2413 mater
920 2348 1010 2412 Anua
1032 2349 1190 2427 laudatur,
1210 2350 1257 2413 sic
1276 2350 1365 2414 Isaac
1385 2370 1403 2413 a
1421 2370 1530 2432 paren·
1551 2368 1574 2407 ¹⁵

385 2456 470 2520 tibus
504 2456 701 2520 nobilitatem
735 2456 863 2537 pietatis
893 2456 1024 2537 accepit,
1055 2474 1147 2536 quam
1182 2456 1318 2537 postoris
1351 2455 1529 2539 dereliquit.

385 2564 530 2627 sacerdos
553 2564 661 2645 itaque
686 2562 870 2626 Zacclrarias
894 2579 951 2625 nec
976 2562 1078 2625 solum
1104 2564 1260 2640 sacerdos,
1286 2561 1341 2626 sed
1370 2562 1466 2626 etiam
1492 2566 1529 2628 do

319 2675 359 2738 16
384 2671 453 2733 nice
482 2670 573 2745 Abia,
602 2668 634 2732 id
663 2672 713 2733 est
740 2669 856 2732 nobilis
884 2668 966 2732 inter
995 2668 1172 2749 superiores
1203 2668 1331 2733 semine.
1361 2672 1400 2733 et
1432 2690 1529 2735 uror
1588 2678 1607 2734 C

383 2776 486 2857 inquit
510 2776 597 2839 eius
624 2775 665 2838 de
689 2774 861 2838 filiabus
886 2776 1025 2837 Aaron.
1051 2795 1110 2839 non
1137 2776 1241 2838 solum
1265 2776 1364 2857 igitur
1383 2795 1401 2838 a
1420 2795 1527 2859 paren·

384 2884 480 2960 ribus,
506 2884 560 2946 sed
594 2883 688 2946 etiam
714 2902 731 2945 a
755 2882 927 2946 maioribus
961 2882 1060 2945 sancti
1093 2883 1240 2946 Iohannis
1273 2883 1425 2948 nobilitas
1459 2901 1568 2966 pro-2⁰

383 2995 526 3073 pagatim,
551 3009 610 3053 non
637 2989 789 3053 saeculari
815 2991 973 3070 potestate
1003 2988 1160 3065 sublimis,
1185 2989 1240 3051 sed
1269 2989 1432 3073 religionis
1458 3010 1527 3055 suc·

383 3096 524 3161 cessione
553 3095 751 3160 uenerabilis.
779 3097 859 3158 tales
889 3095 970 3158 eninr
1000 3096 1133 3158 maiores
1161 3096 1275 3159 habere
1304 3096 1414 3160 debuit
1442 3117 1526 3179 prae-

382 3205 510 3267 nuntius
541 3203 668 3281 Christi,
698 3207 734 3266 ut
762 3222 822 3265 nou
851 3207 978 3284 repente
1007 3206 1203 3284 conceptam,
1228 3202 1283 3266 sed
1312 3222 1330 3266 a
1353 3203 1526 3267 maioribus

381 3314 543 3391 acceptam
582 3315 613 3374 et
649 3311 719 3391 ipso
757 3308 894 3372 infusam
931 3309 999 3371 iure
1037 3314 1166 3372 naturae
1208 3308 1388 3391 praedicare
1430 3310 1523 3374 fidem

316 3420 354 3482 17
381 3417 530 3481 dominici
556 3416 717 3480 uideretur
741 3416 905 3479 aduentus.
931 3417 1044 3479 erant
1068 3414 1172 3497 inquit
1200 3415 1312 3480 ambo
1340 3415 1445 3480 iusti
1473 3417 1524 3480 in·
1542 3434 1568 3475 ea
1587 3406 1617 3461 D

381 3521 1523 3587 cadentesinomnibusmandatisetiustificationibns

468 3784 554 3837 2Ios.
575 3784 599 3851 5,
620 3785 662 3851 13,
682 3783 745 3836 Luc.
766 3785 790 3844 2,
813 3784 844 3836 13
902 3784 933 3837 15
954 3783 1020 3848 lteg.
1040 3782 1054 3834 I
1075 3784 1098 3848 1,
1118 3782 1134 3833 2
1204 3783 1236 3834 18
1255 3782 1374 3852 Paralip.
1394 3783 1407 3836 1
1426 3784 1469 3847 24,
1491 3785 1523 3837 lo

379 3872 412 3925 25
432 3872 465 3927 cf.
486 3872 655 3942 Augustinus
675 3872 707 3925 dc
727 3873 816 3940 gratia
836 3870 939 3925 Christi
958 3871 1001 3931 48,
1021 3871 1055 3924 53

415 4033 426 4083 1
448 4031 624 4084 mutnitioues
646 4034 669 4097 (t
682 4047 727 4099 pr.
747 4035 829 4095 eros.)
849 4029 876 4081 P
965 4031 980 4082 3
1001 4034 1123 4082 secernat
1144 4029 1167 4082 0
1187 4047 1218 4092 rs.
1237 4033 1285 4083 m2
1302 4030 1375 4099 Erpl
1393 4032 1522 4101 prologus

376 4120 451 4188 lncip
475 4120 554 4185 liber)
583 4120 607 4172 T
696 4121 710 4172 7
736 4123 763 4171 ct
787 4120 875 4187 erant]
905 4124 983 4171 erant
1007 4122 1096 4171 autem
1121 4125 1146 4172 ot
1169 4136 1232 4173 rhox
1254 4120 1318 4173 iusti
1339 4124 1402 4173 ante
1431 4119 1475 4173 dn
1501 4119 1525 4171 C

378 4211 410 4263 10
430 4208 535 4262 laudari
555 4209 575 4268 (i
594 4224 628 4261 aa·
647 4213 671 4271 o)
692 4208 746 4260 PG
822 4209 851 4261 ll
874 4208 950 4260 uelut
970 4208 995 4259 P
1012 4208 1095 4261 uelud
1115 4209 1140 4261 L
1215 4210 1246 4260 14
1265 4209 1406 4277 passiones
1428 4215 1451 4268 (s
1469 4210 1520 4262 ult.

376 4298 458 4367 crea)
476 4298 503 4350 P
545 4299 577 4350 15
596 4296 742 4350 samuhelis
761 4296 789 4348 P
807 4297 841 4360 (is
861 4297 924 4349 aad
944 4301 1001 4363 m3p
1017 4297 1073 4349 LX
1127 4299 1199 4350 isaac
1220 4307 1247 4363 (a
1267 4298 1316 4349 alt.
1335 4313 1356 4349 e.
1375 4314 1403 4350 a.
1423 4300 1480 4360 1112)
1496 4298 1523 4349 P

378 4388 410 4442 18
429 4387 531 4440 semine
554 4385 578 4438 T
601 4392 625 4439 et
648 4390 691 4449 (cx
714 4385 841 4449 feminae)
861 4386 891 4438 E
911 4385 1028 4437 faemina
1047 4386 1075 4438 P
1096 4387 1194 4438 femine
1216 4385 1268 4439 GL
1293 4386 1409 4438 feminae
1433 4386 1478 4438 Ba
1497 4392 1520 4438 et

375 4482 417 4529 ruf
442 4474 471 4527 F
474 4475 496 4529 V
519 4481 543 4528 et
568 4476 608 4540 (in
632 4491 684 4542 quo
708 4478 755 4527 1112
778 4475 891 4534 semine)
920 4472 942 4526 0
965 4475 1079 4527 femmas
1102 4494 1118 4543 γ
1141 4480 1166 4527 rt
1190 4478 1236 4527 m2
1259 4474 1317 4527 FV
1337 4474 1456 4528 familias
1480 4473 1523 4526 uC

375 4569 406 4619 el
429 4566 561 4633 religione
582 4565 602 4622 (i
617 4581 661 4632 pr.
682 4580 713 4617 aa
734 4570 758 4629 o)
778 4564 805 4616 P
877 4552 1112 4627 apertisime.
1133 4564 1212 4631 si)P
1289 4569 1367 4618 erant
1386 4563 1519 4619 autemL
